<?xml version="1.0" encoding="UTF-8"?><record xmlns="http://www.loc.gov/MARC21/slim" xmlns:cinclude="http://apache.org/cocoon/include/1.0" xmlns:zs="http://www.loc.gov/zing/srw/">
  <leader>00575cz  a2200157n  4500</leader>
  <controlfield tag="001">no2008107080</controlfield>
  <controlfield tag="003">DLC</controlfield>
  <controlfield tag="005">20110208075644.0</controlfield>
  <controlfield tag="008">080707n| acannaabn          |a aaa     c</controlfield>
  <datafield tag="010" ind1=" " ind2=" ">
    <subfield code="a">no2008107080</subfield>
    <subfield code="z">no2009032298</subfield>
  </datafield>
  <datafield tag="035" ind1=" " ind2=" ">
    <subfield code="a">(OCoLC)oca07829825</subfield>
  </datafield>
  <datafield tag="040" ind1=" " ind2=" ">
    <subfield code="a">NjP</subfield>
    <subfield code="b">eng</subfield>
    <subfield code="c">NjP</subfield>
    <subfield code="d">DLC</subfield>
  </datafield>
  <datafield tag="100" ind1="1" ind2=" ">
    <subfield code="a">Santiago Ríos, Miguel Ángel,</subfield>
    <subfield code="d">1970-</subfield>
  </datafield>
  <datafield tag="400" ind1="1" ind2=" ">
    <subfield code="a">Ríos, Miguel Ángel Santiago,</subfield>
    <subfield code="d">1970-</subfield>
  </datafield>
  <datafield tag="670" ind1=" " ind2=" ">
    <subfield code="a">Militarismo y clases sociales en Vieques, 2007:</subfield>
    <subfield code="b">t.p. (Miguel Ángel Santiago Ríos)</subfield>
  </datafield>
  <datafield tag="670" ind1=" " ind2=" ">
    <subfield code="a">Libería Isla WWW site, Aug. 29, 2008</subfield>
    <subfield code="b">(Santiago Ríos, Miguel Ángel (1970-))</subfield>
  </datafield>
</record>